<record><leader>00000cas a22000007a 4500</leader><controlfield tag="001">19466403</controlfield><controlfield tag="008">890328d1976197usduzn ne      0    0eng d</controlfield><datafield ind1=" " ind2=" " tag="010"><subfield code="a">sn 89074997 </subfield></datafield><datafield ind1=" " ind2=" " tag="040"><subfield code="a">NOP</subfield><subfield code="b">eng</subfield><subfield code="c">NOP</subfield><subfield code="d">SXN</subfield><subfield code="d">OCLCQ</subfield><subfield code="d">OCLCF</subfield><subfield code="d">OCLCO</subfield></datafield><datafield ind1="1" ind2=" " tag="029"><subfield code="a">AU@</subfield><subfield code="b">000020540160</subfield></datafield><datafield ind1=" " ind2=" " tag="042"><subfield code="a">msc</subfield></datafield><datafield ind1=" " ind2=" " tag="043"><subfield code="a">n-us-sd</subfield></datafield><datafield ind1="0" ind2="0" tag="245"><subfield code="a">Jerry Nygaard's Dakota scene.</subfield></datafield><datafield ind1="1" ind2="3" tag="246"><subfield code="a">Dakota scene (Vermillion, S.D.)</subfield></datafield><datafield ind1=" " ind2=" " tag="260"><subfield code="a">Vermillion, S.D. :</subfield><subfield code="b">Vermillion Plain Talk Publishers,</subfield><subfield code="c">1976-</subfield></datafield><datafield ind1=" " ind2=" " tag="300"><subfield code="a">v. :</subfield><subfield code="b">ill. ;</subfield><subfield code="c">45 cm.</subfield></datafield><datafield ind1=" " ind2=" " tag="310"><subfield code="a">Monthly,</subfield><subfield code="b">Sept. 1976-</subfield></datafield><datafield ind1=" " ind2=" " tag="321"><subfield code="a">Monthly,</subfield><subfield code="b">Jan.-Apr. 1976</subfield></datafield><datafield ind1=" " ind2=" " tag="321"><subfield code="a">Semimonthly,</subfield><subfield code="b">May-Aug. 1976</subfield></datafield><datafield ind1="0" ind2=" " tag="362"><subfield code="a">Vol. 10, no. 7 (June 14, 1976)-</subfield></datafield><datafield ind1=" " ind2=" " tag="500"><subfield code="a">Also called Dakota scene.</subfield></datafield><datafield ind1=" " ind2=" " tag="530"><subfield code="a">Available on microfilm from the State Historical Society of North Dakota.</subfield></datafield><datafield ind1=" " ind2="0" tag="650"><subfield code="a">Hunting</subfield><subfield code="z">North Dakota</subfield><subfield code="v">Newspapers.</subfield></datafield><datafield ind1=" " ind2="0" tag="650"><subfield code="a">Fishing</subfield><subfield code="z">North Dakota</subfield><subfield code="v">Newspapers.</subfield></datafield><datafield ind1=" " ind2="0" tag="650"><subfield code="a">Recreation</subfield><subfield code="z">North Dakota</subfield><subfield code="v">Newspapers.</subfield></datafield><datafield ind1=" " ind2="0" tag="650"><subfield code="a">Lakes</subfield><subfield code="z">North Dakota</subfield><subfield code="v">Newspapers.</subfield></datafield><datafield ind1=" " ind2="0" tag="650"><subfield code="a">Reservoirs</subfield><subfield code="z">North Dakota</subfield><subfield code="v">Newspapers.</subfield></datafield><datafield ind1=" " ind2="0" tag="651"><subfield code="a">Missouri River</subfield><subfield code="v">Newspapers.</subfield></datafield><datafield ind1=" " ind2="0" tag="651"><subfield code="a">Missouri River Valley</subfield><subfield code="v">Newspapers.</subfield></datafield><datafield ind1=" " ind2="7" tag="655"><subfield code="a">Newspapers.</subfield><subfield code="2">fast</subfield><subfield code="0">(OCoLC)fst01423814</subfield></datafield><datafield ind1=" " ind2="7" tag="650"><subfield code="a">Fishing.</subfield><subfield code="2">fast</subfield><subfield code="0">(OCoLC)fst00926650</subfield></datafield><datafield ind1=" " ind2="7" tag="650"><subfield code="a">Hunting.</subfield><subfield code="2">fast</subfield><subfield code="0">(OCoLC)fst00964162</subfield></datafield><datafield ind1=" " ind2="7" tag="650"><subfield code="a">Lakes.</subfield><subfield code="2">fast</subfield><subfield code="0">(OCoLC)fst00990901</subfield></datafield><datafield ind1=" " ind2="7" tag="650"><subfield code="a">Recreation.</subfield><subfield code="2">fast</subfield><subfield code="0">(OCoLC)fst01091713</subfield></datafield><datafield ind1=" " ind2="7" tag="650"><subfield code="a">Reservoirs.</subfield><subfield code="2">fast</subfield><subfield code="0">(OCoLC)fst01095478</subfield></datafield><datafield ind1=" " ind2="7" tag="651"><subfield code="a">Missouri River.</subfield><subfield code="2">fast</subfield><subfield code="0">(OCoLC)fst01240244</subfield></datafield><datafield ind1=" " ind2="7" tag="651"><subfield code="a">Missouri River Valley.</subfield><subfield code="2">fast</subfield><subfield code="0">(OCoLC)fst01274695</subfield></datafield><datafield ind1=" " ind2="7" tag="651"><subfield code="a">North Dakota.</subfield><subfield code="2">fast</subfield><subfield code="0">(OCoLC)fst01205582</subfield></datafield><datafield ind1=" " ind2=" " tag="752"><subfield code="a">United States</subfield><subfield code="b">South Dakota</subfield><subfield code="c">Clay</subfield><subfield code="d">Vermillion.</subfield></datafield><datafield ind1="0" ind2="0" tag="780"><subfield code="t">Dakota scene</subfield><subfield code="w">(DLC)sn 89074996</subfield></datafield><datafield ind1="0" ind2="4" tag="785"><subfield code="t">Prairie sportsman</subfield><subfield code="w">(DLC)sn 98062816</subfield></datafield></record>